
@online{YoutubePacMan,
author = {Exiled Man},
title = {Pac-Man Arcade gameplay},
year = {02.11.2016},
howpublished = {\url{https://www.youtube.com/watch?v=uswzriFIf_k}},
}

@online{WikiPacMan,
author = {Wikipedia},
title = {Pac-Man},
year = {18.10.2016},
howpublished = {\url{https://de.wikipedia.org/wiki/Pac-Man}},
}

@online{MuseumPacMan,
author = {The International Arcade Museum},
title = {Pac-Man},
year = {18.10.2016},
howpublished = {\url{https://de.wikipedia.org/wiki/Pac-Man}},
}

@online{SoundPacMan,
author = {Classicgaming.cc},
title = {Pac-Man Sounds},
year = {02.11.2016},
howpublished = {\url{http://www.classicgaming.cc/classics/pac-man/sounds}},
}

@online{GameInternals,
author = {Chad Birch},
title = {Understanding Pac-Man Ghost Behaviour},
year = {02.12.2010},
howpublished = {\url{http://gameinternals.com/post/2072558330/understanding-pac-man-ghost-behavior}},
}

@online{PacManDossier,
author = {Jamey Pittman},
title = {The Pac-Man Dossier},
year = {08.03.2017},
howpublished = {\url{http://www.gamasutra.com/view/feature/3938/the_pacman_dossier.php?print=1}},
}
