@misc{wikipedia:space-panic,
	author = "Wikipedia",
	title = "{S}pace {P}anic --- {W}ikipedia{,} The Free Encyclopedia",
	year = "2013",
	note = "\url{https://en.wikipedia.org/wiki/Space_Panic} [Online; abgerufen am 5. November 2016]"
}

@misc{kotaku:releasedate-dk,
	author = "Kotaku Australia",
	title = "Donkey {K}ong Turned 30 Yesterday - or Did He?",
	year = "2011",
	note = "\url{http://www.kotaku.com.au/2011/07/donkey-kong-turned-30-yesterdayor-did-he/} [Online; abgerufen am 6. November 2016]"
}

@misc{arcade-museum:space-panic,
	author = "The International Arcade Museum",
	title = "{S}pace {P}anic --- Videogame by Universal",
	note = "\url{http://www.arcade-museum.com/game_detail.php?game_id=9676} [Online; abgerufen am 5. November 2016]"
}

@manual{arcade-museum:service-manual,
	title = "Service Manual --- SPACE PANIC",
	author = "Paul Gauselmann",
	organization = "ADP Automaten GmbH",
    year = "1980",
    note = "\url{http://www.arcade-museum.com/manuals-videogames/S/Space%20Panic%20deutsch.pdf} [Online; abgerufen am 5. November 2016]"
}

@book{Crawford:2003:CCG:940762,
 author = {Crawford, Chris},
 title = {Chris Crawford on Game Design},
 year = {2003},
 isbn = {0131460994},
 publisher = {New Riders Publishing},
 address = {Thousand Oaks, CA, USA},
} 

@misc{youtube:spacepanic1,
	author = "YouTube",
	title = "{S}pace {P}anic - classic arcade game",
	year = "2016",
	note = "\url{https://www.youtube.com/watch?v=VxQNgKtES6o} [Online; abgerufen am 9. November 2016]"
}

@misc{mameworld:samples,
	author = "MAMEWorld",
	title = "Current samples",
	note = "\url{http://samples.mameworld.info/Current%20Samples.htm} [Online; abgerufen am 9. November 2016]"
}